00590cas a22002291a 4500
001 999315543502836
003 Nz
005 20161223153137.0
008 040112c19999999nz  r ne      0   0 eng  
035    $a (NLNZils)931554
035    $a (Nz)8181415
035    $a (NLNZils)931554-ilsdb
035    $a (OCoLC)173422694
040    $a NZNB $c NZNB
042    $a nznb
043    $a u-nz---
245 00 $a RDR : $b Richmond review.
260    $a [Richmond, N.Z. : $b s.n., $c 1999-]
310    $a Monthly
362 0  $a 1999 Nov.-
651  0 $a Richmond (N.Z.) $v Newspapers.
655  7 $a New Zealand newspapers. $2 local $5 Nz
